@inproceedings{gallagher2005using,
  title={Using vanishing points to correct camera rotation in images},
  author={Gallagher, Andrew C},
  booktitle={Computer and Robot Vision, 2005. Proceedings. The 2nd Canadian Conference on},
  pages={460--467},
  year={2005},
  organization={IEEE}
}

@inproceedings{nikolaev2008hough,
  title={Hough transform: underestimated tool in the computer vision field},
  author={Nikolaev, Dmitry P and Karpenko, Simon M and Nikolaev, Ilia P and Nikolayev, Petr P}
}

@inproceedings{chen2010new,
  title={A new vanishing point detection algorithm based on Hough transform},
  author={Chen, Xuehui and Jia, Ruiqing and Ren, Hui and Zhang, Yinbin},
  booktitle={Computational Science and Optimization (CSO), 2010 Third International Joint Conference on},
  volume={2},
  pages={440--443},
  year={2010},
  organization={IEEE}
}
